@article{delia,
  author = {Delia Kesner},
  title = {A theory of explicit substitutions
with safe and full composition},
  journal = {Logical methods in computer science},
  year = {2009},
},

@article{es_overview,
  author = {Delia Kesner},
  title = {The theory of calculi with explicit substitutions revisited},
  journal = {Conference on Computer Science and Logic},
  year = {2007},
},

@article{initial,
  author = {Washington L. R. de C. Segundo, Flávio L. C. de Moura, Daniel L. Ventura},
  title = {Formalizing a Named Explicit Substitutions Calculus in Coq},
  journal = {Conferences on Intelligent Computer Mathematics
CICM 2014},
  year = {2014},
},

@article{lambda_first,
  author = {Alonzo Church},
  title = {An unsolvable problem of elementary number theory},
  journal = {American Journal of Mathematics},
  year = {1936},
  volume = {58},
  number  = {2},
  pages   = "345--363"
},

@book{barendregt,
  title = {The Lambda Calculus, its syntax and semantics},
  publisher = {North Holland},
  year = {1985},
  author = {H. P. Barendregt}
},

@article{chargueraud,
  author = {Arthur Charguéraud},
  title = {The Locally Nameless Representation},
  journal = {Jornal of Automated Reasoning},
  year = {2011},
},

@article{four_colour,
  author = {Kennerh Appel, Wolfgang Haken},
  title = {Every Planar Map is four Colorable. I, Discharging.},
  journal = {Illinois Journal of Mathematics},
  year = {1977},
},

@article{proof_assist,
  author = {H. Geuvers},
  title = {Proof assistants: History, ideas and future},
  journal = {Sadhana},
  year = {2009},
  volume = {34},
  pages = "3-25"
},

@misc{coq,
  title = {A short introduction to Coq},
  howpublished = {\url{https://coq.inria.fr/a-short-introduction-to-coq}},
  note = {Accessed: 2016-05-09}
},

@misc{coq2,
  howpublished = {\url{https://coq.inria.fr/tutorial-nahas}},
  title = {A tutorial by Mike Nahas},
  author = {Mike Nahas},
  note = {Accessed: 2016-05-09}
},

@misc{pierce,
  howpublished = {\url{http://www.cis.upenn.edu/~bcpierce/sf/}},
  title = {Software Foundations},
  author = {Benjamin C. Pierce},
  note = {Accessed: 2016-05-09}
},

